<?xml version="1.0" encoding="utf-8"?>
<record xmlns="http://www.loc.gov/MARC21/slim" xmlns:xsi="http://www.w3.org/2001/XMLSchema-instance" xsi:schemaLocation="http://www.loc.gov/MARC21/slim http://www.loc.gov/standards/marcxml/schema/MARC21slim.xsd">
	<leader>     nam a22     Mi 4500</leader>
	<controlfield tag="001">b13151174</controlfield>
	<controlfield tag="003">UaCaAUL</controlfield>
	<controlfield tag="006">m        d        </controlfield>
	<controlfield tag="007">cr cn |||m|||a</controlfield>
	<controlfield tag="008">190222s1913    ua f    o     100 0 ara  </controlfield>
	<datafield ind1=" " ind2=" " tag="040">
		<subfield code="a">ZYU</subfield>
		<subfield code="b">ara</subfield>
		<subfield code="e">rda</subfield>
		<subfield code="c">ZYU</subfield>
	</datafield>
	<datafield ind1="0" ind2=" " tag="041">
		<subfield code="a">ara</subfield>
		<subfield code="a">fre</subfield>
	</datafield>
	<datafield ind1=" " ind2=" " tag="043">
		<subfield code="a">ma-----</subfield>
	</datafield>
	<datafield ind1="1" ind2="4" tag="050">
		<subfield code="a">DS63.6</subfield>
		<subfield code="b">.M87 1913</subfield>
	</datafield>
	<datafield ind1="2" ind2=" " tag="111">
		<subfield code="6">880-01</subfield>
		<subfield code="a">Muʼtamar al-ʻArabī</subfield>
		<subfield code="n">(1st :</subfield>
		<subfield code="d">1913 :</subfield>
		<subfield code="c">Paris, France)</subfield>
	</datafield>
	<datafield ind1="1" ind2="3" tag="245">
		<subfield code="6">880-02</subfield>
		<subfield code="a">al-Muʼtamar al-ʻArabī al-Awwal :</subfield>
		<subfield code="b">al-munʻaqid fī al-qāʻah al-kubrá lil-Jamʻīyah al-Jughrāfīyah bi-Shāriʻ San Jarmin fī Pārīs min yawm al-Arbiʻāʼ 13 Rajab sanat 1331/18 Ḥazīrān sanat 1913 ilá yawm al-ithnayn 18 Rajab sanat 1331/23 Ḥazīrān sanat 1913 /</subfield>
		<subfield code="c">ṣadara ʻan al-Lajnah al-ʻUlyā li-Ḥizb al-Lāmarkazīyah bi-Miṣr.</subfield>
	</datafield>
	<datafield ind1=" " ind2="1" tag="264">
		<subfield code="6">880-03</subfield>
		<subfield code="a">al-Qāhirah :</subfield>
		<subfield code="b">Maṭbaʻat al-Būsfūr bi-Miṣr,</subfield>
		<subfield code="c">1331, 1913.</subfield>
	</datafield>
	<datafield ind1=" " ind2=" " tag="300">
		<subfield code="a">online resource (221, 5 pages, 5 unnumbered leaves of plates)</subfield>
	</datafield>
	<datafield ind1=" " ind2=" " tag="336">
		<subfield code="a">text</subfield>
		<subfield code="2">rdacontent</subfield>
	</datafield>
	<datafield ind1=" " ind2=" " tag="337">
		<subfield code="a">computer</subfield>
		<subfield code="2">rdamedia</subfield>
	</datafield>
	<datafield ind1=" " ind2=" " tag="338">
		<subfield code="a">online resource</subfield>
		<subfield code="2">rdacarrier</subfield>
	</datafield>
	<datafield ind1=" " ind2=" " tag="500">
		<subfield code="a">Part of the Arabic Collections Online (ACO) project, contributed by American University in Cairo Library.</subfield>
	</datafield>
	<datafield ind1=" " ind2=" " tag="533">
		<subfield code="a">Electronic reproduction.</subfield>
		<subfield code="b">New York, N.Y. :</subfield>
		<subfield code="c">New York University,</subfield>
		<subfield code="d">2019.</subfield>
		<subfield code="5">NNU</subfield>
	</datafield>
	<datafield ind1=" " ind2=" " tag="546">
		<subfield code="a">Some articles in French.</subfield>
	</datafield>
	<datafield ind1=" " ind2="0" tag="650">
		<subfield code="a">Nationalism</subfield>
		<subfield code="z">Arab countries</subfield>
		<subfield code="v">Congresses.</subfield>
	</datafield>
	<datafield ind1=" " ind2="7" tag="650">
		<subfield code="a">Nationalism.</subfield>
		<subfield code="2">fast</subfield>
		<subfield code="0">(OCoLC)fst01033832</subfield>
	</datafield>
	<datafield ind1=" " ind2="7" tag="651">
		<subfield code="a">Arab countries.</subfield>
		<subfield code="2">fast</subfield>
		<subfield code="0">(OCoLC)fst01240128</subfield>
	</datafield>
	<datafield ind1=" " ind2="7" tag="655">
		<subfield code="a">Conference papers and proceedings.</subfield>
		<subfield code="2">fast</subfield>
		<subfield code="0">(OCoLC)fst01423772</subfield>
	</datafield>
	<datafield ind1="2" ind2=" " tag="710">
		<subfield code="6">880-04</subfield>
		<subfield code="a">Ḥizb al-Lā-Markazīyah bi-Miṣr.</subfield>
		<subfield code="b">Lajnah al-ʻUlyā.</subfield>
	</datafield>
	<datafield ind1="2" ind2=" " tag="710">
		<subfield code="a">American University in Cairo.</subfield>
		<subfield code="b">Library.</subfield>
	</datafield>
	<datafield ind1="0" ind2=" " tag="730">
		<subfield code="a">Arabic Collections Online.</subfield>
	</datafield>
	<datafield ind1="0" ind2="8" tag="776">
		<subfield code="i">Online version:</subfield>
		<subfield code="a">Muʼtamar al-ʻArabī (1st : 1913 : Paris, France).</subfield>
		<subfield code="t">Muʼtamar al-ʻArabī al-Awwal.</subfield>
		<subfield code="d">al-Qāhirah : Maṭbaʻat al-Būsfūr, 1913</subfield>
		<subfield code="w">(OCoLC)844601793</subfield>
	</datafield>
	<datafield ind1="0" ind2="8" tag="776">
		<subfield code="i">Print version:</subfield>
		<subfield code="t">al-Muʼtamar al-ʻArabī al-Awwal</subfield>
		<subfield code="w">(UaCaAUL)b13151174</subfield>
		<subfield code="w">(DLC)ne 68003432 </subfield>
		<subfield code="w">(OCoLC)31499964</subfield>
	</datafield>
	<datafield ind1="4" ind2="0" tag="856">
		<subfield code="u">http://hdl.handle.net/2333.1/31zcrsd1</subfield>
	</datafield>
	<datafield ind1="2" ind2=" " tag="880">
		<subfield code="6">111-01</subfield>
		<subfield code="a">مؤتمر العربي</subfield>
		<subfield code="n">(الأول :</subfield>
		<subfield code="d">1913 :</subfield>
		<subfield code="c">باريس، فرنسا)</subfield>
	</datafield>
	<datafield ind1="1" ind2="2" tag="880">
		<subfield code="6">245-02</subfield>
		<subfield code="a">المؤتمر العربي الأول :</subfield>
		<subfield code="b">المنعقد في القاعة الكبرى للجمعية الجغرافية بشارع سن جرمن في پاريس من يوم الاربعاء 13 رجب سنة 1331/18 حزيران سنة 1913 الى يوم الاثنين 18 رجب سنة 1331/23 حزيران سنة 1913 /</subfield>
		<subfield code="c">صدر عن اللجنة العليا لحزب اللامركزية بمصر.</subfield>
	</datafield>
	<datafield ind1=" " ind2="1" tag="880">
		<subfield code="6">264-03</subfield>
		<subfield code="a">القاهرة :</subfield>
		<subfield code="b">مطبعة البوسفور بمصر،</subfield>
		<subfield code="c">1331، 1913.</subfield>
	</datafield>
	<datafield ind1="2" ind2=" " tag="880">
		<subfield code="6">710-04</subfield>
		<subfield code="a">حزب اللامركزية بمصر.</subfield>
		<subfield code="b">لجنة العليا.</subfield>
	</datafield>
	<datafield ind1=" " ind2=" " tag="959">
		<subfield code="a">NNU</subfield>
		<subfield code="b">WEB</subfield>
		<subfield code="c">GENI</subfield>
		<subfield code="t">0</subfield>
		<subfield code="m">Electronic access</subfield>
		<subfield code="s">01</subfield>
	</datafield>
	<datafield ind1=" " ind2=" " tag="999">
		<subfield code="i">UaCaAUL_b13151174</subfield>
		<subfield code="o">(OCoLC)ocm31499964 </subfield>
		<subfield code="s">auc_aco000507</subfield>
	</datafield>
</record>
